%% HOG
@inproceedings{dalal2005histograms,
  title={Histograms of oriented gradients for human detection},
  author={Dalal, Navneet and Triggs, Bill},
  booktitle={2005 IEEE computer society conference on computer vision and pattern recognition (CVPR'05)},
  volume={1},
  pages={886--893},
  year={2005},
  organization={Ieee}
}

%% HOG revision
@ARTICLE{5975165,
  author={Dollar, Piotr and Wojek, Christian and Schiele, Bernt and Perona, Pietro},
  journal={IEEE Transactions on Pattern Analysis and Machine Intelligence}, 
  title={Pedestrian Detection: An Evaluation of the State of the Art}, 
  year={2012},
  volume={34},
  number={4},
  pages={743-761},
  doi={10.1109/TPAMI.2011.155}
  }

%% Moore's Law #1
@article{schaller1997moore,
  title={Moore's law: past, present and future},
  author={Schaller, Robert R},
  journal={IEEE spectrum},
  volume={34},
  number={6},
  pages={52--59},
  year={1997},
  publisher={IEEE}
}

$ Moore's Law discussion #2 
@article{theis2017end,
  title={The end of moore's law: A new beginning for information technology},
  author={Theis, Thomas N and Wong, H-S Philip},
  journal={Computing in science \& engineering},
  volume={19},
  number={2},
  pages={41--50},
  year={2017},
  publisher={IEEE}
}

% Grad-CAM++
@inproceedings{chattopadhay2018grad,
    author = {A. Chattopadhay and A. Sarkar and P. Howlader and V. N. Balasubramanian},
    booktitle = {WACV},
    title = {Grad-{CAM}++: Generalized Gradient-Based Visual Explanations for Deep Convolutional Networks},
    year = {2018},
    volume = {},
    issn = {},
    keywords = {visualization;heating systems;neurons;machine learning;predictive models;mathematical model},
}

% WSOL Evaluation
@inproceedings{choe2020evaluating,
    title = {Evaluating Weakly Supervised Object Localization Methods Right},
    author={Choe, Junsuk and Oh, Seong Joon and Lee, Seungho and Chun, Sanghyuk and Akata, Zeynep and Shim, Hyunjung},
    booktitle = {CVPR},
    year = {2020}
} 

% Top-Down Neural Attention
@article{zhang2018top,
    title={Top-Down Neural Attention by Excitation Backprop},
    volume={126},
    journal={IJCV},
    author={Zhang, Jianming and Bargal, Sarah Adel and Lin, Zhe and Brandt, Jonathan and Shen, Xiaohui and Sclaroff, Stan},
    year={2017},
    pages={1084-1102}
}

% Score-CAM 
@article{wang2020score,
  author    = {Haofan Wang and
               Mengnan Du and
               Fan Yang and
               Zijian Zhang},
  title     = {Score-CAM: Improved Visual Explanations Via Score-Weighted Class Activation
               Mapping},
  journal   = {CoRR},
  volume    = {abs/1910.01279},
  year      = {2019},
  url       = {http://arxiv.org/abs/1910.01279},
  eprinttype = {arXiv},
  eprint    = {1910.01279},
  timestamp = {Thu, 04 Feb 2021 15:37:59 +0100},
  biburl    = {https://dblp.org/rec/journals/corr/abs-1910-01279.bib},
  bibsource = {dblp computer science bibliography, https://dblp.org}
}

% Real Time Saliency for BB Classifiers
@article{dabkowski2017real,
    author = {Dabkowski, Piotr and Gal, Yarin},
    journal = {NIPS},
    editor = {I. Guyon and U. V. Luxburg and S. Bengio and H. Wallach and R. Fergus and S. Vishwanathan and R. Garnett},
    publisher = {Curran Associates, Inc.},
    title = {Real Time Image Saliency for Black Box Classifiers},
    year = {2017}
}

% ADAM optimizer
@article{kingma2014adam,
    author    = {Diederik P. Kingma and
                Jimmy Ba},
    editor    = {Yoshua Bengio and
                Yann LeCun},
    title     = {Adam: {A} Method for Stochastic Optimization},
    journal = {ICLR},
    year      = {2015},
}

% RISE, Ins-Del
@article{petsiuk2018rise,
  title = {RISE: Randomized Input Sampling for Explanation of Black-box Models},
  author = {Vitali, Petsiuk and Abir, Das and Kate, Saenko},
  journal = {BMVC},
  year = {2018}
}

% Perturbation
@inproceedings{fong2017interpretable,
    author = {Fong, Ruth C. and Vedaldi, Andrea},
    title = {Interpretable Explanations of Black Boxes by Meaningful Perturbation},
    booktitle = {ICCV},
    year = {2017}
} 

% Ex-Perturbation
@inproceedings{fong2019understanding,
  title={Understanding deep networks via extremal perturbations and smooth masks},
  author={Fong, Ruth and Patrick, Mandela and Vedaldi, Andrea},
  booktitle={Proceedings of the IEEE/CVF international conference on computer vision},
  pages={2950--2958},
  year={2019}
}

% Flow-Bottleneck restriction
@article{schulz2020restricting,
  title={Restricting the flow: Information bottlenecks for attribution},
  author={Schulz, Karl and Sixt, Leon and Tombari, Federico and Landgraf, Tim},
  journal={arXiv preprint arXiv:2001.00396},
  year={2020}
}

% LIME
@inproceedings{ribeiro2016should,
    author = {Ribeiro, Marco Tulio and Singh, Sameer and Guestrin, Carlos},
    title = {"Why Should I Trust You?": Explaining the Predictions of Any Classifier},
    year = {2016},
    isbn = {9781450342322},
    booktitle = {SIGKDD},
    keywords = {interpretability, black box classifier, explaining machine learning, interpretable machine learning},
    location = {San Francisco, California, USA},
    series = {KDD '16}
}

% Opti-CAM
@article{zhang2023opti,
  title={Opti-CAM: Optimizing saliency maps for interpretability},
  author={Zhang, Hanwei and Torres, Felipe and Sicre, Ronan and Avrithis, Yannis and Ayache, Stephane},
  journal={arXiv preprint arXiv:2301.07002},
  year={2023}
}

% Transformer + CNN
@inproceedings{bello2019attention,
  title={Attention augmented convolutional networks},
  author={Bello, Irwan and Zoph, Barret and Vaswani, Ashish and Shlens, Jonathon and Le, Quoc V},
  booktitle={Proceedings of the IEEE/CVF international conference on computer vision},
  pages={3286--3295},
  year={2019}
}

% Stand-Alone SA in vision models
@article{ramachandran2019stand,
  title={Stand-alone self-attention in vision models},
  author={Ramachandran, Prajit and Parmar, Niki and Vaswani, Ashish and Bello, Irwan and Levskaya, Anselm and Shlens, Jon},
  journal={Advances in neural information processing systems},
  volume={32},
  year={2019}
}

%% Inception V1 - GoogleNet
@inproceedings{szegedy2015going,
  title={Going deeper with convolutions},
  author={Szegedy, Christian and Liu, Wei and Jia, Yangqing and Sermanet, Pierre and Reed, Scott and Anguelov, Dragomir and Erhan, Dumitru and Vanhoucke, Vincent and Rabinovich, Andrew},
  booktitle={Proceedings of the IEEE conference on computer vision and pattern recognition},
  pages={1--9},
  year={2015}
}

%% Inception V3
@inproceedings{szegedy2016rethinking,
  title={Rethinking the inception architecture for computer vision},
  author={Szegedy, Christian and Vanhoucke, Vincent and Ioffe, Sergey and Shlens, Jon and Wojna, Zbigniew},
  booktitle={Proceedings of the IEEE conference on computer vision and pattern recognition},
  pages={2818--2826},
  year={2016}
}

% Global SA
@article{shen2020global,
  title={Global self-attention networks for image recognition},
  author={Shen, Zhuoran and Bello, Irwan and Vemulapalli, Raviteja and Jia, Xuhui and Chen, Ching-Hui},
  journal={arXiv preprint arXiv:2010.03019},
  year={2020}
}

% ViT
@article{dosovitskiy2020image,
  title={An image is worth 16x16 words: Transformers for image recognition at scale},
  author={Dosovitskiy, Alexey and Beyer, Lucas and Kolesnikov, Alexander and Weissenborn, Dirk and Zhai, Xiaohua and Unterthiner, Thomas and Dehghani, Mostafa and Minderer, Matthias and Heigold, Georg and Gelly, Sylvain and others},
  journal={arXiv preprint arXiv:2010.11929},
  year={2020}
}

% LeViT
@inproceedings{graham2021levit,
  title={Levit: a vision transformer in convnet's clothing for faster inference},
  author={Graham, Benjamin and El-Nouby, Alaaeldin and Touvron, Hugo and Stock, Pierre and Joulin, Armand and J{\'e}gou, Herv{\'e} and Douze, Matthijs},
  booktitle={Proceedings of the IEEE/CVF international conference on computer vision},
  pages={12259--12269},
  year={2021}
}

% Early Convs in Transformers
@article{xiao2021early,
  title={Early convolutions help transformers see better},
  author={Xiao, Tete and Singh, Mannat and Mintun, Eric and Darrell, Trevor and Doll{\'a}r, Piotr and Girshick, Ross},
  journal={Advances in Neural Information Processing Systems},
  volume={34},
  pages={30392--30400},
  year={2021}
}

% Swin-T
@inproceedings{liu2021swin,
  title={Swin transformer: Hierarchical vision transformer using shifted windows},
  author={Liu, Ze and Lin, Yutong and Cao, Yue and Hu, Han and Wei, Yixuan and Zhang, Zheng and Lin, Stephen and Guo, Baining},
  booktitle={Proceedings of the IEEE/CVF international conference on computer vision},
  pages={10012--10022},
  year={2021}
}

% SCOUTER
@inproceedings{li2021scouter,
  title={SCOUTER: Slot attention-based classifier for explainable image recognition},
  author={Li, Liangzhi and Wang, Bowen and Verma, Manisha and Nakashima, Yuta and Kawasaki, Ryo and Nagahara, Hajime},
  booktitle={Proceedings of the IEEE/CVF International Conference on Computer Vision},
  pages={1046--1055},
  year={2021}
}

$ Slot-Attention
@article{locatello2020object,
  title={Object-centric learning with slot attention},
  author={Locatello, Francesco and Weissenborn, Dirk and Unterthiner, Thomas and Mahendran, Aravindh and Heigold, Georg and Uszkoreit, Jakob and Dosovitskiy, Alexey and Kipf, Thomas},
  journal={Advances in Neural Information Processing Systems},
  year={2020}
}

% Conformer
@inproceedings{peng2021conformer,
  title={Conformer: Local features coupling global representations for visual recognition},
  author={Peng, Zhiliang and Huang, Wei and Gu, Shanzhi and Xie, Lingxi and Wang, Yaowei and Jiao, Jianbin and Ye, Qixiang},
  booktitle={Proceedings of the IEEE/CVF international conference on computer vision},
  pages={367--376},
  year={2021}
}

% Patchconvnet
@article{touvron2021augmenting,
  title={Augmenting convolutional networks with attention-based aggregation},
  author={Touvron, Hugo and Cord, Matthieu and El-Nouby, Alaaeldin and Bojanowski, Piotr and Joulin, Armand and Synnaeve, Gabriel and J{\'e}gou, Herv{\'e}},
  journal={arXiv preprint arXiv:2112.13692},
  year={2021}
}

% Rethinking spatial in transformers
@inproceedings{heo2021rethinking,
  title={Rethinking spatial dimensions of vision transformers},
  author={Heo, Byeongho and Yun, Sangdoo and Han, Dongyoon and Chun, Sanghyuk and Choe, Junsuk and Oh, Seong Joon},
  booktitle={Proceedings of the IEEE/CVF International Conference on Computer Vision},
  pages={11936--11945},
  year={2021}
}

% FakeCAM + ADCC
@inproceedings{poppi2021revisiting,
  title={Revisiting the evaluation of class activation mapping for explainability: A novel metric and experimental analysis},
  author={Poppi, Samuele and Cornia, Marcella and Baraldi, Lorenzo and Cucchiara, Rita},
  booktitle={Proceedings of the IEEE/CVF Conference on Computer Vision and Pattern Recognition},
  pages={2299--2304},
  year={2021}
}

% GradCAM
@article{selvaraju2017grad,
  author    = {Ramprasaath R. Selvaraju and
               Abhishek Das and
               Ramakrishna Vedantam and
               Michael Cogswell and
               Devi Parikh and
               Dhruv Batra},
  title     = {Grad-CAM: Why did you say that? Visual Explanations from Deep Networks
               via Gradient-based Localization},
  journal   = {CoRR},
  volume    = {abs/1610.02391},
  year      = {2016},
  url       = {http://arxiv.org/abs/1610.02391},
  eprinttype = {arXiv},
  eprint    = {1610.02391},
  timestamp = {Mon, 13 Aug 2018 16:46:58 +0200},
  biburl    = {https://dblp.org/rec/journals/corr/SelvarajuDVCPB16.bib},
  bibsource = {dblp computer science bibliography, https://dblp.org}
}
% Network Inspection
@article{zhou2018interpreting,
  author={Zhou, Bolei and Bau, David and Oliva, Aude and Torralba, Antonio},
  journal={Trans. PAMI}, 
  title={Interpreting Deep Visual Representations via Network Dissection}, 
  year={2019},
  volume={41},
  number={9},
  pages={2131-2145},
 }

% CAM
@inproceedings{zhou2016learning,    
    author = {Zhou, Bolei and Khosla, Aditya and Lapedriza, Agata and Oliva, Aude and Torralba, Antonio},
    title = {Learning Deep Features for Discriminative Localization},
    booktitle = {CVPR},
    year = {2016}
} 

%% Raw-Attention, Rollout Attention
@article{abnar2020quantifying,
  title={Quantifying attention flow in transformers},
  author={Abnar, Samira and Zuidema, Willem},
  journal={arXiv preprint arXiv:2005.00928},
  year={2020}
}

%% TIBAV
@inproceedings{chefer2021transformer,
  title={Transformer interpretability beyond attention visualization},
  author={Chefer, Hila and Gur, Shir and Wolf, Lior},
  booktitle={Proceedings of the IEEE/CVF Conference on Computer Vision and Pattern Recognition},
  pages={782--791},
  year={2021}
}

% Fidelity 
@article{yeh2019fidelity,
  title={On the (in) fidelity and sensitivity of explanations},
  author={Yeh, Chih-Kuan and Hsieh, Cheng-Yu and Suggala, Arun and Inouye, David I and Ravikumar, Pradeep K},
  journal={Advances in Neural Information Processing Systems},
  volume={32},
  year={2019}
}

%% Review interp
@article{samek2021explaining,
  author={Samek, Wojciech and Montavon, Grégoire and Lapuschkin, Sebastian and Anders, Christopher J. and Müller, Klaus-Robert},
  journal={Proc. of the IEEE}, 
  title={Explaining Deep Neural Networks and Beyond: A Review of Methods and Applications}, 
  year={2021},
  volume={109},
  number={3},
  pages={247-278},
 }

% Evaluation visualization
 @article{samek2016evaluating,
  title={Evaluating the visualization of what a deep neural network has learned},
  author={Samek, Wojciech and Binder, Alexander and Montavon, Gr{\'e}goire and Lapuschkin, Sebastian and M{\"u}ller, Klaus-Robert},
  journal={IEEE transactions on neural networks and learning systems},
  volume={28},
  number={11},
  pages={2660--2673},
  year={2016},
  publisher={IEEE}
}

%% XGrad-CAM
@article{axiombased,
  title={Axiom-based Grad-CAM: Towards Accurate Visualization and Explanation of CNNs},
  author={Fu, Ruigang and Hu, Qingyong and Dong, Xiaohu and Guo, Yulan and Gao, Yinghui and Li, Biao},
  journal={BMVC},
  year={2020}
}

%% Smooth Grad CAM
@article{smilkov2017smoothgrad,
  title={Smoothgrad: removing noise by adding noise},
  author={Smilkov, Daniel and Thorat, Nikhil and Kim, Been and Vi{\'e}gas, Fernanda and Wattenberg, Martin},
  journal={arXiv preprint arXiv:1706.03825},
  year={2017}
}

%% Attention is all you need
@article{vaswani2017attention,
  title={Attention is all you need},
  author={Vaswani, Ashish and Shazeer, Noam and Parmar, Niki and Uszkoreit, Jakob and Jones, Llion and Gomez, Aidan N and Kaiser, {\L}ukasz and Polosukhin, Illia},
  journal={Advances in neural information processing systems},
  volume={30},
  year={2017}
}

%% ConvNext
@inproceedings{liu2022convnet,
  title={A convnet for the 2020s},
  author={Liu, Zhuang and Mao, Hanzi and Wu, Chao-Yuan and Feichtenhofer, Christoph and Darrell, Trevor and Xie, Saining},
  booktitle={Proceedings of the IEEE/CVF conference on computer vision and pattern recognition},
  pages={11976--11986},
  year={2022}
}

%% BERT
@article{devlin2018bert,
  title={Bert: Pre-training of deep bidirectional transformers for language understanding},
  author={Devlin, Jacob and Chang, Ming-Wei and Lee, Kenton and Toutanova, Kristina},
  journal={arXiv preprint arXiv:1810.04805},
  year={2018}
}


%% GAP
@article{lin2013network,
  title={Network in Network},
  author={Lin, Min and Chen, Qiang and Yan, Shuicheng},
  journal={arXiv preprint arXiv:1312.4400},
  year={2013}
}

%% Mythos of Model Interpretability
@article{mythos_interp,
  title={The Mythos of Model Interpretability: In machine learning, the concept of interpretability is both important and slippery.},
  author={Lipton, Zachary C},
  journal={Queue},
  volume={16},
  number={3},
  pages={31--57},
  year={2018},
  publisher={ACM New York, NY, USA}
}

%% Guided Backprop
@article{guidedbackprop,
  title={Striving for simplicity: The all convolutional net},
  author={Springenberg, Jost Tobias and Dosovitskiy, Alexey and Brox, Thomas and Riedmiller, Martin},
  journal={arXiv preprint arXiv:1412.6806},
  year={2014}
}

%% Ablation-CAM
@INPROCEEDINGS{ablationcam,
  author={Desai, Saurabh and Ramaswamy, Harish G.},
  booktitle={2020 IEEE Winter Conference on Applications of Computer Vision (WACV)}, 
  title={Ablation-CAM: Visual Explanations for Deep Convolutional Network via Gradient-free Localization}, 
  year={2020},
  volume={},
  number={},
  pages={972-980},
  doi={10.1109/WACV45572.2020.9093360}}
  

%% Activation propagation #1
 @misc{shrikumar2017just,
      title={Not Just a Black Box: Learning Important Features Through Propagating Activation Differences}, 
      author={Avanti Shrikumar and Peyton Greenside and Anna Shcherbina and Anshul Kundaje},
      year={2017},
      eprint={1605.01713},
      archivePrefix={arXiv},
      primaryClass={cs.LG}
}

%% Backprop learning
@misc{shrikumar2019learning,
      title={Learning Important Features Through Propagating Activation Differences}, 
      author={Avanti Shrikumar and Peyton Greenside and Anshul Kundaje},
      year={2019},
      eprint={1704.02685},
      archivePrefix={arXiv},
      primaryClass={cs.CV}
}

%% Noise perturbation
@misc{hsieh2021evaluations,
      title={Evaluations and Methods for Explanation through Robustness Analysis}, 
      author={Cheng-Yu Hsieh and Chih-Kuan Yeh and Xuanqing Liu and Pradeep Ravikumar and Seungyeon Kim and Sanjiv Kumar and Cho-Jui Hsieh},
      year={2021},
      eprint={2006.00442},
      archivePrefix={arXiv},
      primaryClass={cs.LG}
}

%% More Baselines
@misc{haug2021baselines,
      title={On Baselines for Local Feature Attributions}, 
      author={Johannes Haug and Stefan Zürn and Peter El-Jiz and Gjergji Kasneci},
      year={2021},
      eprint={2101.00905},
      archivePrefix={arXiv},
      primaryClass={cs.LG}
}

%% Attrib visualiation
@article{sturmfels2020visualizing,
  author = {Sturmfels, Pascal and Lundberg, Scott and Lee, Su-In},
  title = {Visualizing the Impact of Feature Attribution Baselines},
  journal = {Distill},
  year = {2020},
  note = {\url{https://distill.pub/2020/attribution-baselines}},
  doi = {10.23915/distill.00022}
}

@misc{kindermans2017unreliability,
      title={The (Un)reliability of saliency methods}, 
      author={Pieter-Jan Kindermans and Sara Hooker and Julius Adebayo and Maximilian Alber and Kristof T. Schütt and Sven Dähne and Dumitru Erhan and Been Kim},
      year={2017},
      eprint={1711.00867},
      archivePrefix={arXiv},
      primaryClass={stat.ML}
}

%% Human Evolution, Pattern Recognition
@article{mattson2014superior,
  title={Superior pattern processing is the essence of the evolved human brain},
  author={Mattson, Mark P},
  journal={Frontiers in neuroscience},
  pages={265},
  year={2014},
  publisher={Frontiers}
}

%% 90% of Data transmitted is visual.
@article{potter2014detecting,
  title={Detecting meaning in RSVP at 13 ms per picture},
  author={Potter, Mary C and Wyble, Brad and Hagmann, Carl Erick and McCourt, Emily S},
  journal={Attention, Perception, \& Psychophysics},
  volume={76},
  pages={270--279},
  year={2014},
  publisher={Springer}
}

%% Greeks study on vision
@book{finger2001origins,
  title={Origins of neuroscience: a history of explorations into brain function},
  author={Finger, Stanley},
  year={2001},
  publisher={Oxford University Press}
}

%% Newton Locke Research Neuro
@article{swenson2010optics,
  title={Optics, Gender, and the Eighteenth-Century Gaze: Looking at Eliza Haywood's Anti-Pamela},
  author={Swenson, Rivka},
  journal={The Eighteenth Century},
  volume={51},
  number={1},
  pages={27--43},
  year={2010},
  publisher={University of Pennsylvania Press}
}

%% Leonardo in Vision
@article{visualleonardo,
author = {K. D. Keele},
title ={Leonardo Da Vinci on Vision},
journal = {Proceedings of the Royal Society of Medicine},
volume = {48},
number = {5},
pages = {384-390},
year = {1955},
doi = {10.1177/003591575504800512},
URL = {"\url{https://doi.org/10.1177/003591575504800512"}
},
eprint = {"\url{https://doi.org/10.1177/003591575504800512"}
}
}
%% Unconscious Inference
@article{gullstrand1909hemholtz,
  title={Hemholtz’s Handbuch der Physiologischen Optik},
  author={Gullstrand, A},
  journal={English translation ed. JP Southall.) Oxford: Butterworth-Heinemann},
  year={1909}
}

%% Human Metabolism, visual recognition
@article{phelps1981metabolic,
  title={Metabolic mapping of the brain's response to visual stimulation: studies in humans},
  author={Phelps, Michael E and Kuhl, David E and Mazziota, John C},
  journal={Science},
  volume={211},
  number={4489},
  pages={1445--1448},
  year={1981},
  publisher={American Association for the Advancement of Science}
}

%% Gestalt
@article{wagemans2012century,
  title={A century of Gestalt psychology in visual perception: I. Perceptual grouping and figure--ground organization.},
  author={Wagemans, Johan and Elder, James H and Kubovy, Michael and Palmer, Stephen E and Peterson, Mary A and Singh, Manish and Von der Heydt, R{\"u}diger},
  journal={Psychological bulletin},
  volume={138},
  number={6},
  pages={1172},
  year={2012},
  publisher={American Psychological Association}
}

%% Marr's computational Analysis
@article{poggio1981marr,
  title={Marr's computational approach to vision},
  author={Poggio, Tomaso},
  journal={Trends in neurosciences},
  volume={4},
  pages={258--262},
  year={1981},
  publisher={Elsevier Current Trends}
}

%Marr #2 
@book{marr2010vision,
  title={Vision: A computational investigation into the human representation and processing of visual information},
  author={Marr, David},
  year={2010},
  publisher={MIT press}
}

%% LeNet and backpropagation
@article{lecun1998gradient,
  title={Gradient-based learning applied to document recognition},
  author={LeCun, Yann and Bottou, L{\'e}on and Bengio, Yoshua and Haffner, Patrick},
  journal={Proceedings of the IEEE},
  volume={86},
  number={11},
  pages={2278--2324},
  year={1998},
  publisher={Elsevier Current Trends}
}
  
 %% AlexNet 
 @article{krizhevsky2012imagenet,
  title={Imagenet classification with deep convolutional neural networks},
  author={Krizhevsky, Alex and Sutskever, Ilya and Hinton, Geoffrey E},
  journal={Advances in neural information processing systems},
  volume={25},
  year={2012}
}

%% VGG
@article{simonyan2013deep,
  author       = "Karen Simonyan and Andrea Vedaldi and Andrew Zisserman",
  title        = "Deep Inside Convolutional Networks: Visualising Image Classification Models and Saliency Maps",
  journal    = "ICLR Workshop",
  year         = "2014",
}

@misc{simonyan2015deep,
      title={Very Deep Convolutional Networks for Large-Scale Image Recognition}, 
      author={Karen Simonyan and Andrew Zisserman},
      year={2015},
      eprint={1409.1556},
      archivePrefix={arXiv},
      primaryClass={cs.CV}
}

%% ResNet architecture
@inproceedings{he2016deep,
  title={Deep residual learning for image recognition},
  author={He, Kaiming and Zhang, Xiangyu and Ren, Shaoqing and Sun, Jian},
  booktitle={Proceedings of the IEEE conference on computer vision and pattern recognition},
  pages={770--778},
  year={2016}
}

%% ResNet Strikes Back
@article{wightman2021resnet,
  title={ResNet strikes back: An improved training procedure in timm},
  author={Wightman, Ross and Touvron, Hugo and J{\'e}gou, Herv{\'e}},
  journal={arXiv preprint arXiv:2110.00476},
  year={2021}
}

%% NasNet
@inproceedings{zoph2018learning,
  title={Learning transferable architectures for scalable image recognition},
  author={Zoph, Barret and Vasudevan, Vijay and Shlens, Jonathon and Le, Quoc V},
  booktitle={Proceedings of the IEEE conference on computer vision and pattern recognition},
  pages={8697--8710},
  year={2018}
}

% ImageNet 2015
@article{ILSVRC15,
Author = {Olga Russakovsky and Jia Deng and Hao Su and Jonathan Krause and Sanjeev Satheesh and Sean Ma and Zhiheng Huang and Andrej Karpathy and Aditya Khosla and Michael Bernstein and Alexander C. Berg and Li Fei-Fei},
Title = {{ImageNet Large Scale Visual Recognition Challenge}},
Year = {2015},
journal   = {International Journal of Computer Vision (IJCV)},
doi = {10.1007/s11263-015-0816-y},
volume={115},
number={3},
pages={211-252}
}

%% BSDS 500
@InProceedings{MartinFTM01,
  author = {D. Martin and C. Fowlkes and D. Tal and J. Malik},
  title = {A Database of Human Segmented Natural Images and its
           Application to Evaluating Segmentation Algorithms and
           Measuring Ecological Statistics},
  booktitle = {Proc. 8th Int'l Conf. Computer Vision},
  year = {2001},
  month = {6},
  volume = {2},
  pages = {416--423}
}

%% Pascal VOC
@misc{pascal-voc-2012,
	author = "Everingham, M. and Van~Gool, L. and Williams, C. K. I. and Winn, J. and Zisserman, A.",
	title = "The {PASCAL} {V}isual {O}bject {C}lasses {C}hallenge 2012 {(VOC2012)} {R}esults",
	howpublished = "http://www.pascal-network.org/challenges/VOC/voc2012/workshop/index.html"}	

%% MS COCO
@inproceedings{lin2014microsoft,
  title={Microsoft coco: Common objects in context},
  author={Lin, Tsung-Yi and Maire, Michael and Belongie, Serge and Hays, James and Perona, Pietro and Ramanan, Deva and Doll{\'a}r, Piotr and Zitnick, C Lawrence},
  booktitle={Computer Vision--ECCV 2014: 13th European Conference, Zurich, Switzerland, September 6-12, 2014, Proceedings, Part V 13},
  pages={740--755},
  year={2014},
  organization={Springer}
}

%% Interp need #1
@article{guidotti2018survey,
author = {Guidotti, Riccardo and Monreale, Anna and Ruggieri, Salvatore and Turini, Franco and Giannotti, Fosca and Pedreschi, Dino},
title = {A Survey of Methods for Explaining Black Box Models},
year = {2018},
issue_date = {January 2019},
publisher = {Association for Computing Machinery},
address = {New York, NY, USA},
volume = {51},
number = {5},
issn = {0360-0300},
journal = {ACM Comput. Surv.},
articleno = {93},
numpages = {42},
keywords = {transparent models, explanations, interpretability, Open the black box}
}

%% Interp 2
@article{bodria2021benchmarking,
  author    = {Francesco Bodria and
               Fosca Giannotti and
               Riccardo Guidotti and
               Francesca Naretto and
               Dino Pedreschi and
               Salvatore Rinzivillo},
  title     = {Benchmarking and Survey of Explanation Methods for Black Box Models},
  journal   = {CoRR},
  volume    = {abs/2102.13076},
  year      = {2021},
  eprinttype = {arXiv},
  eprint    = {2102.13076}
}

%% PCA
@article{wold1987principal,
  title={Principal component analysis},
  author={Wold, Svante and Esbensen, Kim and Geladi, Paul},
  journal={Chemometrics and intelligent laboratory systems},
  volume={2},
  number={1-3},
  pages={37--52},
  year={1987},
  publisher={Elsevier}
}

%% Cognitron, ReLU
@article{fukushima1975cognitron,
  title={Cognitron: A self-organizing multilayered neural network},
  author={Fukushima, Kunihiko},
  journal={Biological cybernetics},
  volume={20},
  number={3-4},
  pages={121--136},
  year={1975},
  publisher={Springer}
}

%% Softmax
@article{hopfield1985neural,
  title={“Neural” computation of decisions in optimization problems},
  author={Hopfield, John J and Tank, David W},
  journal={Biological cybernetics},
  volume={52},
  number={3},
  pages={141--152},
  year={1985},
  publisher={Springer}
}

%% Model Complexity
@misc{openai_compute,
    title={AI and Compute},
    author={{OpenAI}},
    year={2018},
    note={URL: https://openai.com/research/ai-and-compute}
}

%% Decision Trees
@book{breiman2017classification,
  title={Classification and regression trees},
  author={Breiman, Leo},
  year={2017},
  publisher={Routledge}
}

%% SHAP
@incollection{NIPS2017_7062,
title = {A Unified Approach to Interpreting Model Predictions},
author = {Lundberg, Scott M and Lee, Su-In},
booktitle = {NeurIPS},
year = {2017},
url = {http://papers.nips.cc/paper/7062-a-unified-approach-to-interpreting-model-predictions.pdf}
}

%% Interp decision trees
@inproceedings{lakkaraju2016interpretable,
  title={Interpretable decision sets: A joint framework for description and prediction},
  author={Lakkaraju, Himabindu and Bach, Stephen H and Leskovec, Jure},
  booktitle={Proceedings of the 22nd ACM SIGKDD international conference on knowledge discovery and data mining},
  pages={1675--1684},
  year={2016}
}
%% Interp Trees #2
@inproceedings{mothilal2020explaining,
  title={Explaining machine learning classifiers through diverse counterfactual explanations},
  author={Mothilal, Ramaravind K and Sharma, Amit and Tan, Chenhao},
  booktitle={Proceedings of the 2020 conference on fairness, accountability, and transparency},
  pages={607--617},
  year={2020}
}

%% EfficientNet
@inproceedings{tan2019efficientnet,
  title={Efficientnet: Rethinking model scaling for convolutional neural networks},
  author={Tan, Mingxing and Le, Quoc},
  booktitle={International conference on machine learning},
  pages={6105--6114},
  year={2019},
  organization={PMLR}
}

%% EfficientNet variant  - Noisy Student
@inproceedings{xie2020self,
  title={Self-training with noisy student improves imagenet classification},
  author={Xie, Qizhe and Luong, Minh-Thang and Hovy, Eduard and Le, Quoc V},
  booktitle={Proceedings of the IEEE/CVF conference on computer vision and pattern recognition},
  pages={10687--10698},
  year={2020}
}

%% Meta Pseudo Labels
@inproceedings{pham2021meta,
  title={Meta pseudo labels},
  author={Pham, Hieu and Dai, Zihang and Xie, Qizhe and Le, Quoc V},
  booktitle={Proceedings of the IEEE/CVF conference on computer vision and pattern recognition},
  pages={11557--11568},
  year={2021}
}

%% Self driving cars, accidents
@article{dixit2016autonomous,
  title={Autonomous vehicles: disengagements, accidents and reaction times},
  author={Dixit, Vinayak V and Chand, Sai and Nair, Divya J},
  journal={PLoS one},
  volume={11},
  number={12},
  pages={e0168054},
  year={2016},
  publisher={Public Library of Science San Francisco, CA USA}
}
%% KITTI dataset-benchmark 
@INPROCEEDINGS{Geiger2012CVPR,
  author = {Andreas Geiger and Philip Lenz and Raquel Urtasun},
  title = {Are we ready for Autonomous Driving? The KITTI Vision Benchmark Suite},
  booktitle = {Conference on Computer Vision and Pattern Recognition (CVPR)},
  year = {2012}
} 

%% Cityscapes 
@inproceedings{cordts2016cityscapes,
  title={The cityscapes dataset for semantic urban scene understanding},
  author={Cordts, Marius and Omran, Mohamed and Ramos, Sebastian and Rehfeld, Timo and Enzweiler, Markus and Benenson, Rodrigo and Franke, Uwe and Roth, Stefan and Schiele, Bernt},
  booktitle={Proceedings of the IEEE conference on computer vision and pattern recognition},
  pages={3213--3223},
  year={2016}
}

%% Medical Diagnosis, COVID
@article{huang2021artificial,
  title={Artificial intelligence in the diagnosis of COVID-19: challenges and perspectives},
  author={Huang, Shigao and Yang, Jie and Fong, Simon and Zhao, Qi},
  journal={International journal of biological sciences},
  volume={17},
  number={6},
  pages={1581},
  year={2021},
  publisher={Ivyspring International Publisher}
}

%% Medical Diagnosis. Melanoma
@article{yu2016automated,
  title={Automated melanoma recognition in dermoscopy images via very deep residual networks},
  author={Yu, Lequan and Chen, Hao and Dou, Qi and Qin, Jing and Heng, Pheng-Ann},
  journal={IEEE transactions on medical imaging},
  volume={36},
  number={4},
  pages={994--1004},
  year={2016},
  publisher={IEEE}
}

%% Bone Age Analysis. Myself
@inproceedings{BoNet2019hand,
  title={Hand Pose Estimation for Pediatric Bone Age Assessment},
  author={Escobar, Mar\'ia and Gonz\'alez, Cristina and Torres, Felipe and Daza, Laura and Triana, Gustavo and Arbel\'aez, Pablo},
  booktitle={International Conference on Medical Image Computing and Computer-Assisted Intervention},
  year={2019},
  organization={Springer}
}

%% Requirements for medical reading
@article{nakashima2013visual,
  title={Visual search of experts in medical image reading: the effect of training, target prevalence, and expert knowledge},
  author={Nakashima, Ryoichi and Kobayashi, Kazufumi and Maeda, Eriko and Yoshikawa, Takeharu and Yokosawa, Kazuhiko},
  journal={Frontiers in psychology},
  volume={4},
  pages={166},
  year={2013},
  publisher={Frontiers Media SA}
}

%% Facial Recognition #1 
@article{selinger2020inconsentability,
  title={The inconsentability of facial surveillance},
  author={Selinger, Evan and Hartzog, Woodrow},
  journal={Loy. L. Rev.},
  volume={66},
  pages={33},
  year={2020},
  publisher={HeinOnline}
}

%% Facial Recognition #2
@article{andrejevic2020facial,
  title={Facial recognition technology in schools: Critical questions and concerns},
  author={Andrejevic, Mark and Selwyn, Neil},
  journal={Learning, Media and Technology},
  volume={45},
  number={2},
  pages={115--128},
  year={2020},
  publisher={Taylor \& Francis}
}

%% Self Driving vehicles and cities
@article{duarte2018impact,
  title={The impact of autonomous vehicles on cities: A review},
  author={Duarte, F{\'a}bio and Ratti, Carlo},
  journal={Journal of Urban Technology},
  volume={25},
  number={4},
  pages={3--18},
  year={2018},
  publisher={Taylor \& Francis}
}

@article{millard2018pedestrians,
  title={Pedestrians, autonomous vehicles, and cities},
  author={Millard-Ball, Adam},
  journal={Journal of planning education and research},
  volume={38},
  number={1},
  pages={6--12},
  year={2018},
  publisher={SAGE Publications Sage CA: Los Angeles, CA}
}

%% Three Rs of computer vision
@article{malik2016three,
  title={The three R’s of computer vision: Recognition, reconstruction and reorganization},
  author={Malik, Jitendra and Arbel{\'a}ez, Pablo and Carreira, Joao and Fragkiadaki, Katerina and Girshick, Ross and Gkioxari, Georgia and Gupta, Saurabh and Hariharan, Bharath and Kar, Abhishek and Tulsiani, Shubham},
  journal={Pattern Recognition Letters},
  volume={72},
  pages={4--14},
  year={2016},
  publisher={Elsevier}
}

%% Receptive fields in cat neurocortex
@article{hubel1959receptive,
  title={Receptive fields of single neurones in the cat's striate cortex},
  author={Hubel, David H and Wiesel, Torsten N},
  journal={The Journal of physiology},
  volume={148},
  number={3},
  pages={574},
  year={1959},
  publisher={Wiley-Blackwell}
}


%% ILSVRC 10 runner ups
@misc{berg2010large,
  title={Large scale visual recognition challenge 2010},
  author={Berg, Alex and Deng, Jia and Fei-Fei, L},
  year={2010}
}

%% ILSVRC 2011 winner
@inproceedings{sanchez2011high,
  title={High-dimensional signature compression for large-scale image classification},
  author={S{\'a}nchez, Jorge and Perronnin, Florent},
  booktitle={CVPR 2011},
  pages={1665--1672},
  year={2011},
  organization={IEEE}
}

%% DenseNet
@inproceedings{huang2017densely,
  title={Densely connected convolutional networks},
  author={Huang, Gao and Liu, Zhuang and Van Der Maaten, Laurens and Weinberger, Kilian Q},
  booktitle={Proceedings of the IEEE conference on computer vision and pattern recognition},
  pages={4700--4708},
  year={2017}
}

%% ResNet Detectors
@article{ren2015faster,
  title={Faster r-cnn: Towards real-time object detection with region proposal networks},
  author={Ren, Shaoqing and He, Kaiming and Girshick, Ross and Sun, Jian},
  journal={Advances in neural information processing systems},
  volume={28},
  year={2015}
}


@inproceedings{he2017mask,
  title={Mask r-cnn},
  author={He, Kaiming and Gkioxari, Georgia and Doll{\'a}r, Piotr and Girshick, Ross},
  booktitle={Proceedings of the IEEE international conference on computer vision},
  pages={2961--2969},
  year={2017}
}

@inproceedings{lin2017focal,
  title={Focal loss for dense object detection},
  author={Lin, Tsung-Yi and Goyal, Priya and Girshick, Ross and He, Kaiming and Doll{\'a}r, Piotr},
  booktitle={Proceedings of the IEEE international conference on computer vision},
  pages={2980--2988},
  year={2017}
}

% NLB
@inproceedings{wang2018non,
  title={Non-local neural networks},
  author={Wang, Xiaolong and Girshick, Ross and Gupta, Abhinav and He, Kaiming},
  booktitle={Proceedings of the IEEE conference on computer vision and pattern recognition},
  pages={7794--7803},
  year={2018}
}

@inproceedings{hu2018squeeze,
  title={Squeeze-and-excitation networks},
  author={Hu, Jie and Shen, Li and Sun, Gang},
  booktitle={Proceedings of the IEEE conference on computer vision and pattern recognition},
  pages={7132--7141},
  year={2018}
}

%% SGD
@inproceedings{bottou2010large,
  title={Large-scale machine learning with stochastic gradient descent},
  author={Bottou, L{\'e}on},
  booktitle={Proceedings of COMPSTAT'2010: 19th International Conference on Computational StatisticsParis France, August 22-27, 2010 Keynote, Invited and Contributed Papers},
  pages={177--186},
  year={2010},
  organization={Springer}
}

%% Lamb
@article{you2019large,
  title={Large batch optimization for deep learning: Training bert in 76 minutes},
  author={You, Yang and Li, Jing and Reddi, Sashank and Hseu, Jonathan and Kumar, Sanjiv and Bhojanapalli, Srinadh and Song, Xiaodan and Demmel, James and Keutzer, Kurt and Hsieh, Cho-Jui},
  journal={arXiv preprint arXiv:1904.00962},
  year={2019}
}

%% Cutmix
@inproceedings{yun2019cutmix,
  title={Cutmix: Regularization strategy to train strong classifiers with localizable features},
  author={Yun, Sangdoo and Han, Dongyoon and Oh, Seong Joon and Chun, Sanghyuk and Choe, Junsuk and Yoo, Youngjoon},
  booktitle={Proceedings of the IEEE/CVF international conference on computer vision},
  pages={6023--6032},
  year={2019}
}

%% Mixup
@article{zhang2017mixup,
  title={mixup: Beyond empirical risk minimization},
  author={Zhang, Hongyi and Cisse, Moustapha and Dauphin, Yann N and Lopez-Paz, David},
  journal={arXiv preprint arXiv:1710.09412},
  year={2017}
}

%% Metric Learning Reality Check
@inproceedings{musgrave2020metric,
  title={A metric learning reality check},
  author={Musgrave, Kevin and Belongie, Serge and Lim, Ser-Nam},
  booktitle={Computer Vision--ECCV 2020: 16th European Conference, Glasgow, UK, August 23--28, 2020, Proceedings, Part XXV 16},
  pages={681--699},
  year={2020},
  organization={Springer}
}

%% JFT-300M
@inproceedings{sun2017revisiting,
  title={Revisiting unreasonable effectiveness of data in deep learning era},
  author={Sun, Chen and Shrivastava, Abhinav and Singh, Saurabh and Gupta, Abhinav},
  booktitle={Proceedings of the IEEE international conference on computer vision},
  pages={843--852},
  year={2017}
}

%% Big Data in DL
@article{chen2014big,
  title={Big data deep learning: challenges and perspectives},
  author={Chen, Xue-Wen and Lin, Xiaotong},
  journal={IEEE access},
  volume={2},
  pages={514--525},
  year={2014},
  publisher={Ieee}
}

%% Interp Survey
@article{zhang2021survey,
  title={A survey on neural network interpretability},
  author={Zhang, Yu and Ti{\v{n}}o, Peter and Leonardis, Ale{\v{s}} and Tang, Ke},
  journal={IEEE Transactions on Emerging Topics in Computational Intelligence},
  volume={5},
  number={5},
  pages={726--742},
  year={2021},
  publisher={IEEE}
}
%% Beyond Sparsity
@inproceedings{wu2018beyond,
  title={Beyond sparsity: Tree regularization of deep models for interpretability},
  author={Wu, Mike and Hughes, Michael and Parbhoo, Sonali and Zazzi, Maurizio and Roth, Volker and Doshi-Velez, Finale},
  booktitle={Proceedings of the AAAI conference on artificial intelligence},
  volume={32},
  year={2018}
}
@inproceedings{wu2020regional,
  title={Regional tree regularization for interpretability in deep neural networks},
  author={Wu, Mike and Parbhoo, Sonali and Hughes, Michael and Kindle, Ryan and Celi, Leo and Zazzi, Maurizio and Roth, Volker and Doshi-Velez, Finale},
  booktitle={Proceedings of the AAAI Conference on Artificial Intelligence},
  volume={34},
  pages={6413--6421},
  year={2020}
}
%% Network dissection
@inproceedings{bau2017network,
  title={Network dissection: Quantifying interpretability of deep visual representations},
  author={Bau, David and Zhou, Bolei and Khosla, Aditya and Oliva, Aude and Torralba, Antonio},
  booktitle={Proceedings of the IEEE conference on computer vision and pattern recognition},
  pages={6541--6549},
  year={2017}
}

%% Interpretable convnets
@inproceedings{zhang2018interpretable,
  title={Interpretable convolutional neural networks},
  author={Zhang, Quanshi and Wu, Ying Nian and Zhu, Song-Chun},
  booktitle={Proceedings of the IEEE conference on computer vision and pattern recognition},
  pages={8827--8836},
  year={2018}
}
%% Object detectors in deep scene cnns
@article{zhou2014object,
  title={Object detectors emerge in deep scene cnns},
  author={Zhou, Bolei and Khosla, Aditya and Lapedriza, Agata and Oliva, Aude and Torralba, Antonio},
  journal={ICLR},
  year={2015}
}

%% Bcos networks 0
@inproceedings{bohle2021convolutional,
  title={Convolutional dynamic alignment networks for interpretable classifications},
  author={Bohle, Moritz and Fritz, Mario and Schiele, Bernt},
  booktitle={Proceedings of the IEEE/CVF Conference on Computer Vision and Pattern Recognition},
  pages={10029--10038},
  year={2021}
}

%% Bcos networks #1
@inproceedings{bohle2022b,
  title={B-cos networks: Alignment is all we need for interpretability},
  author={B{\"o}hle, Moritz and Fritz, Mario and Schiele, Bernt},
  booktitle={Proceedings of the IEEE/CVF Conference on Computer Vision and Pattern Recognition},
  pages={10329--10338},
  year={2022}
}

%% Bcos networks #2
@article{bohle2024b,
  title={B-cos Alignment for Inherently Interpretable CNNs and Vision Transformers},
  author={B{\"o}hle, Moritz and Singh, Navdeeppal and Fritz, Mario and Schiele, Bernt},
  journal={IEEE Transactions on Pattern Analysis and Machine Intelligence},
  year={2024},
  publisher={IEEE}
}

%% Prototype - based
@inproceedings{li2018deep,
  title={Deep learning for case-based reasoning through prototypes: A neural network that explains its predictions},
  author={Li, Oscar and Liu, Hao and Chen, Chaofan and Rudin, Cynthia},
  booktitle={Proceedings of the AAAI Conference on Artificial Intelligence},
  volume={32},
  number={1},
  year={2018}
}

@article{chen2019looks,
  title={This looks like that: deep learning for interpretable image recognition},
  author={Chen, Chaofan and Li, Oscar and Tao, Daniel and Barnett, Alina and Rudin, Cynthia and Su, Jonathan K},
  journal={Advances in neural information processing systems},
  volume={32},
  year={2019}
}

%% Attribution - based
@article{ismail2021improving,
  title={Improving deep learning interpretability by saliency guided training},
  author={Ismail, Aya Abdelsalam and Corrada Bravo, Hector and Feizi, Soheil},
  journal={Advances in Neural Information Processing Systems},
  volume={34},
  pages={26726--26739},
  year={2021}
}

@inproceedings{Zhou_2022_BMVC,
author    = {Hao Zhou and Keyang Cheng and Yu Si and Liuyang Yan},
title     = {Improving Interpretability by Information Bottleneck Saliency Guided Localization},
booktitle = {33rd British Machine Vision Conference 2022, {BMVC} 2022, London, UK, November 21-24, 2022},
publisher = {{BMVA} Press},
year      = {2022},
url       = {https://bmvc2022.mpi-inf.mpg.de/0605.pdf}
}


@article{ross2017right,
  title={Right for the right reasons: Training differentiable models by constraining their explanations},
  author={Ross, Andrew Slavin and Hughes, Michael C and Doshi-Velez, Finale},
  journal={IJCAI},
  year={2017}
}

@article{ghaeini2019saliency,
  title={Saliency learning: Teaching the model where to pay attention},
  author={Ghaeini, Reza and Fern, Xiaoli Z and Shahbazi, Hamed and Tadepalli, Prasad},
  journal={NAACL},
  year={2019}
}

%%% gradient-based 
@article{adebayo2018local,
  author    = {Julius Adebayo and
               Justin Gilmer and
               Ian J. Goodfellow and
               Been Kim},
  title     = {Local Explanation Methods for Deep Neural Networks Lack Sensitivity
               to Parameter Values},
  journal = {ICLR Workshop},
  year      = {2018},

}

@article{baehrens2010explain,
  author    = {David Baehrens and
               Timon Schroeter and
               Stefan Harmeling and
               Motoaki Kawanabe and
               Katja Hansen and
               Klaus{-}Robert M{\"{u}}ller},
  title     = {How to Explain Individual Classification Decisions},
  journal   = {J. MLR},
  year      = {2010}
}

@article{bach2015pixel,
  title={On Pixel-Wise Explanations for Non-Linear Classifier Decisions by Layer-Wise Relevance Propagation},
  author={Bach, Sebastian and Binder, Alexander and Montavon, Gr{\'e}goire and Klauschen, Frederick and M{\"u}ller, Klaus-Robert and Samek, Wojciech},
  journal={PloS one},
  year={2015},
  publisher={Public Library of Science San Francisco, CA USA}
  }

@inproceedings{sundararajan2017axiomatic,
    author = {Sundararajan, Mukund and Taly, Ankur and Yan, Qiqi},
    title = {Axiomatic Attribution for Deep Networks},
    year = {2017},
    booktitle = {ICML},
}

@article{jiang2021layercam,
  title={Layer-CAM: Exploring hierarchical class activation maps for localization},
  author={Jiang, Peng-Tao and Zhang, Chang-Bin and Hou, Qibin and Cheng, Ming-Ming and Wei, Yunchao},
  journal={IEEE Transactions on Image Processing},
  volume={30},
  pages={5875--5888},
  year={2021},
  publisher={IEEE}
}

%%%% learning based
@article{chang2018explaining,
  author    = {Chun{-}Hao Chang and
               Elliot Creager and
               Anna Goldenberg and
               David Duvenaud},
  title     = {Explaining Image Classifiers by Counterfactual Generation},
  journal = {ICLR},
  year      = {2019},
}

@article{phang2020investigating,
  title={Investigating and Simplifying Masking-based Saliency Methods for Model Interpretability},
  author={Phang, Jason and Park, Jungkyu and Geras, Krzysztof J},
  journal={arXiv preprint arXiv:2010.09750},
  year={2020}
}

@article{zolna2020classifier,
    title = {Classifier-agnostic saliency map extraction},
    journal = {CVIU},
    volume = {196},
    pages = {102969},
    year = {2020},
    issn = {1077-3142},
    author = {Konrad Zolna and Krzysztof J. Geras and Kyunghyun Cho},
}

% Black-box definition
@article{petch2022opening,
  title={Opening the black box: the promise and limitations of explainable machine learning in cardiology},
  author={Petch, Jeremy and Di, Shuang and Nelson, Walter},
  journal={Canadian Journal of Cardiology},
  volume={38},
  number={2},
  pages={204--213},
  year={2022},
  publisher={Elsevier}
}

%% Filter response depth
@inproceedings{lee2009convolutional,
  title={Convolutional deep belief networks for scalable unsupervised learning of hierarchical representations},
  author={Lee, Honglak and Grosse, Roger and Ranganath, Rajesh and Ng, Andrew Y},
  booktitle={Proceedings of the 26th annual international conference on machine learning},
  pages={609--616},
  year={2009}
}

@article{duda1972use,
  title={Use of the Hough transformation to detect lines and curves in pictures},
  author={Duda, Richard O and Hart, Peter E},
  journal={Communications of the ACM},
  volume={15},
  number={1},
  pages={11--15},
  year={1972},
  publisher={ACM New York, NY, USA}
}

%% SIFT
@inproceedings{lowe1999object,
  title={Object recognition from local scale-invariant features},
  author={Lowe, David G},
  booktitle={Proceedings of the seventh IEEE international conference on computer vision},
  volume={2},
  pages={1150--1157},
  year={1999},
  organization={Ieee}
}

%% BOW
@inproceedings{csurka2004visual,
  title={Visual categorization with bags of keypoints},
  author={Csurka, Gabriella and Dance, Christopher and Fan, Lixin and Willamowski, Jutta and Bray, C{\'e}dric},
  booktitle={Workshop on statistical learning in computer vision, ECCV},
  volume={1},
  number={1-22},
  pages={1--2},
  year={2004},
  organization={Prague}
}

%% BOW from NLP
@article{harris1954distributional,
  title={Distributional structure},
  author={Harris, Zellig S},
  journal={Word},
  volume={10},
  number={2-3},
  pages={146--162},
  year={1954},
  publisher={Taylor \& Francis}
}

%% SIFT applications
@article{cruz2012scale,
  title={Scale invariant feature transform on the sphere: Theory and applications},
  author={Cruz-Mota, Javier and Bogdanova, Iva and Paquier, Beno{\^i}t and Bierlaire, Michel and Thiran, Jean-Philippe},
  journal={International journal of computer vision},
  volume={98},
  pages={217--241},
  year={2012},
  publisher={Springer}
}

%% Random Decision Forest
@inproceedings{ho1995random,
  title={Random decision forests},
  author={Ho, Tin Kam},
  booktitle={Proceedings of 3rd international conference on document analysis and recognition},
  volume={1},
  pages={278--282},
  year={1995},
  organization={IEEE}
}

%% KNN-1
@article{cover1967nearest,
  title={Nearest neighbor pattern classification},
  author={Cover, Thomas and Hart, Peter},
  journal={IEEE transactions on information theory},
  volume={13},
  number={1},
  pages={21--27},
  year={1967},
  publisher={IEEE}
}


%% KNN-2
@article{fix1989discriminatory,
  title={Discriminatory analysis. Nonparametric discrimination: Consistency properties},
  author={Fix, Evelyn and Hodges, Joseph Lawson},
  journal={International Statistical Review/Revue Internationale de Statistique},
  volume={57},
  number={3},
  pages={238--247},
  year={1989},
  publisher={JSTOR}
}

%% SVM
@article{cortes1995support,
  title={Support-vector networks},
  author={Cortes, Corinna and Vapnik, Vladimir},
  journal={Machine learning},
  volume={20},
  pages={273--297},
  year={1995},
  publisher={Springer}
}

@inproceedings{shetty2019not,
  title={Not Using the Car to See the Sidewalk--Quantifying and Controlling the Effects of Context in Classification and Segmentation},
  author={Shetty, Rakshith and Schiele, Bernt and Fritz, Mario},
  booktitle={Proceedings of the IEEE/CVF Conference on Computer Vision and Pattern Recognition},
  pages={8218--8226},
  year={2019}
}

@inproceedings{rao2022towards,
  title={Towards Better Understanding Attribution Methods},
  author={Rao, Sukrut and B{\"o}hle, Moritz and Schiele, Bernt},
  booktitle={Proceedings of the IEEE/CVF Conference on Computer Vision and Pattern Recognition},
  pages={10223--10232},
  year={2022}
}

%% SVM Kernels
@article{hofmann2008kernel,
  title={Kernel methods in machine learning},
  author={Hofmann, Thomas and Sch{\"o}lkopf, Bernhard and Smola, Alexander J},
  year={2008}
}

%% K-Means
@inproceedings{macqueen1967some,
  title={Some methods for classification and analysis of multivariate observations},
  author={MacQueen, James and others},
  booktitle={Proceedings of the fifth Berkeley symposium on mathematical statistics and probability},
  volume={1},
  number={14},
  pages={281--297},
  year={1967},
  organization={Oakland, CA, USA}
}

%% Decomp-Lipton
@inproceedings{lou2012intelligible,
  title={Intelligible models for classification and regression},
  author={Lou, Yin and Caruana, Rich and Gehrke, Johannes},
  booktitle={Proceedings of the 18th ACM SIGKDD international conference on Knowledge discovery and data mining},
  pages={150--158},
  year={2012}
}

%% Interpretable parts protopool
@inproceedings{rymarczyk2022interpretable,
  title={Interpretable image classification with differentiable prototypes assignment},
  author={Rymarczyk, Dawid and Struski, {\L}ukasz and G{\'o}rszczak, Micha{\l} and Lewandowska, Koryna and Tabor, Jacek and Zieli{\'n}ski, Bartosz},
  booktitle={European Conference on Computer Vision},
  pages={351--368},
  year={2022},
  organization={Springer}
}

@inproceedings{lee2021lfi,
  title={LFI-CAM: Learning feature importance for better visual explanation},
  author={Lee, Kwang Hee and Park, Chaewon and Oh, Junghyun and Kwak, Nojun},
  booktitle={Proceedings of the IEEE/CVF International Conference on Computer Vision},
  pages={1355--1363},
  year={2021}
}


%% NLP Interpretable
@inproceedings{mcauley2013hidden,
  title={Hidden factors and hidden topics: understanding rating dimensions with review text},
  author={McAuley, Julian and Leskovec, Jure},
  booktitle={Proceedings of the 7th ACM conference on Recommender systems},
  pages={165--172},
  year={2013}
}

%% CLIP
@inproceedings{radford2021learning,
  title={Learning transferable visual models from natural language supervision},
  author={Radford, Alec and Kim, Jong Wook and Hallacy, Chris and Ramesh, Aditya and Goh, Gabriel and Agarwal, Sandhini and Sastry, Girish and Askell, Amanda and Mishkin, Pamela and Clark, Jack and others},
  booktitle={International conference on machine learning},
  pages={8748--8763},
  year={2021},
  organization={PMLR}
}

%% Reading Tea leaves
@article{chang2009reading,
  title={Reading tea leaves: How humans interpret topic models},
  author={Chang, Jonathan and Gerrish, Sean and Wang, Chong and Boyd-Graber, Jordan and Blei, David},
  journal={Advances in neural information processing systems},
  volume={22},
  year={2009}
}

%% Lipton visualization
@inproceedings{mahendran2015understanding,
  title={Understanding deep image representations by inverting them},
  author={Mahendran, Aravindh and Vedaldi, Andrea},
  booktitle={Proceedings of the IEEE conference on computer vision and pattern recognition},
  pages={5188--5196},
  year={2015}
}

%%  Lipton explanation by example #1
@article{kim2014bayesian,
  title={The bayesian case model: A generative approach for case-based reasoning and prototype classification},
  author={Kim, Been and Rudin, Cynthia and Shah, Julie A},
  journal={Advances in neural information processing systems},
  volume={27},
  year={2014}
}

%%  Lipton explanation by example #2
@inproceedings{doshi2015graph,
  title={Graph-sparse lda: a topic model with structured sparsity},
  author={Doshi-Velez, Finale and Wallace, Byron and Adams, Ryan},
  booktitle={Proceedings of the AAAI Conference on Artificial Intelligence},
  volume={29},
  number={1},
  year={2015}
}

%% Disentanglement in feature space
@inproceedings{rombach2020making,
  title={Making sense of cnns: Interpreting deep representations and their invariances with inns},
  author={Rombach, Robin and Esser, Patrick and Ommer, Bj{\"o}rn},
  booktitle={Computer Vision--ECCV 2020: 16th European Conference, Glasgow, UK, August 23--28, 2020, Proceedings, Part XVII 16},
  pages={647--664},
  year={2020},
  organization={Springer}
}

%% Chest X-Ray
@article{kermany2018labeled,
  title={Labeled optical coherence tomography (oct) and chest X-ray images for classification},
  author={Kermany, Daniel and Zhang, Kang and Goldbaum, Michael and others},
  journal={Mendeley data},
  volume={2},
  number={2},
  year={2018}
}

Kvasir 
@inproceedings{pogorelov2017kvasir,
  title={Kvasir: A multi-class image dataset for computer aided gastrointestinal disease detection},
  author={Pogorelov, Konstantin and Randel, Kristin Ranheim and Griwodz, Carsten and Eskeland, Sigrun Losada and de Lange, Thomas and Johansen, Dag and Spampinato, Concetto and Dang-Nguyen, Duc-Tien and Lux, Mathias and Schmidt, Peter Thelin and others},
  booktitle={Multimedia Systems Conf.},
  year={2017}
}

%% BatchNorm
@inproceedings{ioffe2015batch,
    author = {Ioffe, Sergey and Szegedy, Christian},
    title = {Batch Normalization: Accelerating Deep Network Training by Reducing Internal Covariate Shift},
    year = {2015},
    booktitle = {ICML},
}

%% DeiT
@InProceedings{pmlr-v139-touvron21a,
  title =     {Training data-efficient image transformers \& distillation through attention},
  author =    {Touvron, Hugo and Cord, Matthieu and Douze, Matthijs and Massa, Francisco and Sablayrolles, Alexandre and Jegou, Herve},
  booktitle = {International Conference on Machine Learning},
  pages =     {10347--10357},
  year =      {2021},
  volume =    {139},
  month =     {7}
}

%%HiResCAM
@article{draelos2020use,
  title={Use HiResCAM instead of Grad-CAM for faithful explanations of convolutional neural networks},
  author={Draelos, Rachel Lea and Carin, Lawrence},
  journal={arXiv preprint arXiv:2011.08891},
  year={2020}
}

%% Ablation-CAM
@inproceedings{ramaswamy2020ablation,
    author = {desai, saurabh and Ramaswamy, Harish Guruprasad},
    title = {Ablation-CAM: Visual Explanations for Deep Convolutional Network via Gradient-free Localization},
    booktitle = {WACV},
    year = {2020}
} 

%% CUB
@techreport{WahCUB_200_2011,
	Title = {Caltech-UCSD Birds-200-2011},
	Author = {Wah, C. and Branson, S. and Welinder, P. and Perona, P. and Belongie, S.},
	Year = {2011},
	Institution = {California Institute of Technology},
	Number = {CNS-TR-2011-001}
}

%% Pascal
@Article{Everingham15,
   author = "Everingham, M. and Eslami, S. M. A. and Van~Gool, L. and Williams, C. K. I. and Winn, J. and Zisserman, A.",
   title = "The Pascal Visual Object Classes Challenge: A Retrospective",
   journal = "International Journal of Computer Vision",
   volume = "111",
   year = "2015",
   number = "1",
   month = jan,
   pages = "98--136",
} 

%% Interior images
@inproceedings{quattoni2009recognizing,
  title={Recognizing indoor scenes},
  author={Quattoni, Ariadna and Torralba, Antonio},
  booktitle={2009 IEEE conference on computer vision and pattern recognition},
  year={2009}
}

%% More Metrics
@inproceedings{gomez2022metrics,
  title={Metrics for saliency map evaluation of deep learning explanation methods},
  author={Gomez, Tristan and Fr{\'e}our, Thomas and Mouch{\`e}re, Harold},
  booktitle={International Conference on Pattern Recognition and Artificial Intelligence},
  pages={84--95},
  year={2022},
  organization={Springer}
}

%% OOD
@misc{hase2021outofdistribution,
      title={The Out-of-Distribution Problem in Explainability and Search Methods for Feature Importance Explanations}, 
      author={Peter Hase and Harry Xie and Mohit Bansal},
      year={2021},
      eprint={2106.00786},
      archivePrefix={arXiv},
      primaryClass={cs.LG}
}

%% Resisting OOD
@misc{qiu2021resisting,
      title={Resisting Out-of-Distribution Data Problem in Perturbation of XAI}, 
      author={Luyu Qiu and Yi Yang and Caleb Chen Cao and Jing Liu and Yueyuan Zheng and Hilary Hei Ting Ngai and Janet Hsiao and Lei Chen},
      year={2021},
      eprint={2107.14000},
      archivePrefix={arXiv},
      primaryClass={cs.AI}
}

%% More evaluation
@misc{rong2022consistent,
      title={A Consistent and Efficient Evaluation Strategy for Attribution Methods}, 
      author={Yao Rong and Tobias Leemann and Vadim Borisov and Gjergji Kasneci and Enkelejda Kasneci},
      year={2022},
      eprint={2202.00449},
      archivePrefix={arXiv},
      primaryClass={cs.CV}
}

%% CIFAR
@article{krizhevsky2009learning,
  added-at = {2021-01-21T03:01:11.000+0100},
  author = {Krizhevsky, Alex},
  biburl = {https://www.bibsonomy.org/bibtex/2fe5248afe57647d9c85c50a98a12145c/s364315},
  interhash = {cc2d42f2b7ef6a4e76e47d1a50c8cd86},
  intrahash = {fe5248afe57647d9c85c50a98a12145c},
  keywords = {},
  pages = {32--33},
  timestamp = {2021-01-21T03:01:11.000+0100},
  title = {Learning Multiple Layers of Features from Tiny Images},
  url = {https://www.cs.toronto.edu/~kriz/learning-features-2009-TR.pdf},
  year = 2009
}

%% Integrated Score-CAM
@article{naidu2020cam,
  title={IS-CAM: Integrated Score-CAM for axiomatic-based explanations},
  author={Naidu, Rakshit and Ghosh, Ankita and Maurya, Yash and Kundu, Soumya Snigdha and others},
  journal={arXiv preprint arXiv:2010.03023},
  year={2020}
}

%% SS-CAM
@article{wang2020ss,
  title={SS-CAM: Smoothed Score-CAM for sharper visual feature localization},
  author={Wang, Haofan and Naidu, Rakshit and Michael, Joy and Kundu, Soumya Snigdha},
  journal={arXiv preprint arXiv:2006.14255},
  year={2020}
}

%% AI ACT
@article{madiega2021artificial,
  title={Artificial intelligence act},
  author={Madiega, Tambiama},
  journal={European Parliament: European Parliamentary Research Service},
  year={2021}
}

%% ReLU
@article{fukushima1969visual,
  title={Visual feature extraction by a multilayered network of analog threshold elements},
  author={Fukushima, Kunihiko},
  journal={IEEE Transactions on Systems Science and Cybernetics},
  volume={5},
  number={4},
  pages={322--333},
  year={1969},
  publisher={IEEE}
}

%% Vanishing Gradient
@inproceedings{pascanu2013difficulty,
  title={On the difficulty of training recurrent neural networks},
  author={Pascanu, Razvan and Mikolov, Tomas and Bengio, Yoshua},
  booktitle={International conference on machine learning},
  pages={1310--1318},
  year={2013},
  organization={Pmlr}
}

%% Waterbirds learning background
@inproceedings{petryk2022guiding,
  title={On guiding visual attention with language specification},
  author={Petryk, Suzanne and Dunlap, Lisa and Nasseri, Keyan and Gonzalez, Joseph and Darrell, Trevor and Rohrbach, Anna},
  booktitle={Proceedings of the IEEE/CVF Conference on Computer Vision and Pattern Recognition},
  pages={18092--18102},
  year={2022}
}

%% What is AI
@article{mccarthy2007artificial,
  title={What is artificial intelligence},
  author={McCarthy, John and others},
  year={2007},
  publisher={Stanford University}
}